<?xml version="1.0" encoding="UTF-8"?><collection xmlns="http://www.loc.gov/MARC21/slim"><record><leader>00492nam--2200133-i-4500</leader><controlfield tag="001">000001691</controlfield><controlfield tag="002">20161230</controlfield><controlfield tag="005">20161230201024</controlfield><controlfield tag="008">060222s1000------------r-----000-0-eng-d</controlfield><datafield ind1=" " ind2=" " tag="080"><subfield code="a">681.3.06:029.75</subfield></datafield><datafield ind1=" " ind2=" " tag="100"><subfield code="a">Fotescu Cezara,. Fotescu Constantin</subfield></datafield><datafield ind1=" " ind2=" " tag="245"><subfield code="a">Limbajul de programare fortran. manualul pentru anul ii al liceelor pentru prelucrarea automata a datelor</subfield></datafield><datafield ind1=" " ind2=" " tag="260"><subfield code="a">Bucuresti, Institutul Central Pentru Sisteme De Conducere Cu Mijloace De Automatizare, 1973. 240 P</subfield></datafield><datafield ind1=" " ind2=" " tag="852"><subfield code="a">38442</subfield></datafield></record></collection>